<?xml version="1.0" encoding="UTF-8"?><record xmlns="http://www.loc.gov/MARC21/slim" xmlns:cinclude="http://apache.org/cocoon/include/1.0" xmlns:zs="http://www.loc.gov/zing/srw/">
  <leader>00385cz  a2200133n  4500</leader>
  <controlfield tag="001">n 2010216950</controlfield>
  <controlfield tag="003">DLC</controlfield>
  <controlfield tag="005">20111102074920.0</controlfield>
  <controlfield tag="008">100803n| acannaabn          |n aaa      </controlfield>
  <datafield tag="010" ind1=" " ind2=" ">
    <subfield code="a">n 2010216950</subfield>
  </datafield>
  <datafield tag="035" ind1=" " ind2=" ">
    <subfield code="a">(OCoLC)oca08581432</subfield>
  </datafield>
  <datafield tag="040" ind1=" " ind2=" ">
    <subfield code="a">DLC</subfield>
    <subfield code="b">eng</subfield>
    <subfield code="c">DLC</subfield>
    <subfield code="d">UkCU</subfield>
  </datafield>
  <datafield tag="100" ind1="1" ind2=" ">
    <subfield code="a">Warraich, Badar-un-Nisa</subfield>
  </datafield>
  <datafield tag="670" ind1=" " ind2=" ">
    <subfield code="a">Vaṛāʼic, Mat̤lūb Aḥmad. Taliban, 2010:</subfield>
    <subfield code="b">t.p. (Badar-un-Nisa Warraich)</subfield>
  </datafield>
</record>